<record><leader>00000cas a22000007a 4500</leader><controlfield tag="001">33477643</controlfield><controlfield tag="008">951114d197919uuokudr n       0    0eng d</controlfield><datafield ind1=" " ind2=" " tag="010"><subfield code="a">sn 95076309 </subfield></datafield><datafield ind1=" " ind2=" " tag="040"><subfield code="a">OBN</subfield><subfield code="b">eng</subfield><subfield code="c">OBN</subfield><subfield code="d">OCLCQ</subfield><subfield code="d">OCLCF</subfield><subfield code="d">OCLCO</subfield></datafield><datafield ind1="1" ind2=" " tag="029"><subfield code="a">AU@</subfield><subfield code="b">000025856957</subfield></datafield><datafield ind1=" " ind2=" " tag="042"><subfield code="a">msc</subfield></datafield><datafield ind1=" " ind2=" " tag="043"><subfield code="a">n-us-ok</subfield></datafield><datafield ind1="0" ind2="4" tag="245"><subfield code="a">The Midwest City journal.</subfield></datafield><datafield ind1="3" ind2=" " tag="246"><subfield code="a">Journal</subfield></datafield><datafield ind1=" " ind2=" " tag="260"><subfield code="a">Midwest City, Okla. :</subfield><subfield code="b">Oklahoma Journal Pub. Co.</subfield></datafield><datafield ind1=" " ind2=" " tag="300"><subfield code="a">v.</subfield></datafield><datafield ind1=" " ind2=" " tag="310"><subfield code="a">Daily</subfield></datafield><datafield ind1=" " ind2=" " tag="580"><subfield code="a">Other eds. available: Del City journal, and: Oklahoma journal, 1964-1980.</subfield></datafield><datafield ind1=" " ind2=" " tag="588"><subfield code="a">Description based on: Vol. 15, no. 352 (Aug. 1, 1979).</subfield></datafield><datafield ind1=" " ind2="0" tag="651"><subfield code="a">Midwest City (Okla.)</subfield><subfield code="v">Newspapers.</subfield></datafield><datafield ind1=" " ind2="0" tag="651"><subfield code="a">Oklahoma County (Okla.)</subfield><subfield code="v">Newspapers.</subfield></datafield><datafield ind1=" " ind2="7" tag="655"><subfield code="a">Newspapers.</subfield><subfield code="2">fast</subfield><subfield code="0">(OCoLC)fst01423814</subfield></datafield><datafield ind1=" " ind2="7" tag="651"><subfield code="a">Oklahoma</subfield><subfield code="z">Midwest City.</subfield><subfield code="2">fast</subfield><subfield code="0">(OCoLC)fst01220339</subfield></datafield><datafield ind1=" " ind2="7" tag="651"><subfield code="a">Oklahoma</subfield><subfield code="z">Oklahoma County.</subfield><subfield code="2">fast</subfield><subfield code="0">(OCoLC)fst01210430</subfield></datafield><datafield ind1=" " ind2=" " tag="752"><subfield code="a">United States</subfield><subfield code="b">Oklahoma</subfield><subfield code="c">Oklahoma</subfield><subfield code="d">Midwest City.</subfield></datafield><datafield ind1="1" ind2=" " tag="775"><subfield code="t">Del City journal</subfield><subfield code="w">(DLC)sn 95076308</subfield><subfield code="w">(OCoLC)33477491</subfield></datafield><datafield ind1="1" ind2=" " tag="775"><subfield code="t">Oklahoma journal</subfield><subfield code="w">(DLC)sn 95076310</subfield><subfield code="w">(OCoLC)33477860</subfield></datafield></record>